<record><leader>00000cas a2200000 a 4500</leader><controlfield tag="001">37498831</controlfield><controlfield tag="008">970819d19291940oruwr ne      0    0eng c</controlfield><datafield ind1=" " ind2=" " tag="010"><subfield code="a">sn 96088032 </subfield></datafield><datafield ind1=" " ind2=" " tag="040"><subfield code="a">OCN</subfield><subfield code="b">eng</subfield><subfield code="c">OCN</subfield><subfield code="d">OCLCQ</subfield><subfield code="d">OCLCF</subfield><subfield code="d">OCLCO</subfield></datafield><datafield ind1="1" ind2=" " tag="029"><subfield code="a">AU@</subfield><subfield code="b">000013433366</subfield></datafield><datafield ind1=" " ind2=" " tag="042"><subfield code="a">pcc</subfield></datafield><datafield ind1=" " ind2=" " tag="043"><subfield code="a">n-us-or</subfield></datafield><datafield ind1="0" ind2="0" tag="245"><subfield code="a">Southwestern Oregon news.</subfield></datafield><datafield ind1="3" ind2=" " tag="246"><subfield code="a">South western Oregon news</subfield></datafield><datafield ind1=" " ind2=" " tag="260"><subfield code="a">Marshfield, Or. :</subfield><subfield code="b">Coos County Pub. Co.,</subfield><subfield code="c">1929-1940.</subfield></datafield><datafield ind1=" " ind2=" " tag="300"><subfield code="a">v.</subfield></datafield><datafield ind1=" " ind2=" " tag="310"><subfield code="a">Weekly</subfield></datafield><datafield ind1="0" ind2=" " tag="362"><subfield code="a">Vol. 20, no. 1 (July 11, 1929)-v. 30, no. 42 (Apr. 12, 1940).</subfield></datafield><datafield ind1=" " ind2="0" tag="651"><subfield code="a">Coos Bay (Or.)</subfield><subfield code="v">Newspapers.</subfield></datafield><datafield ind1=" " ind2="7" tag="655"><subfield code="a">Newspapers.</subfield><subfield code="2">fast</subfield><subfield code="0">(OCoLC)fst01423814</subfield></datafield><datafield ind1=" " ind2="7" tag="651"><subfield code="a">Oregon</subfield><subfield code="z">Coos Bay.</subfield><subfield code="2">fast</subfield><subfield code="0">(OCoLC)fst01226324</subfield></datafield><datafield ind1=" " ind2=" " tag="752"><subfield code="a">United States</subfield><subfield code="b">Oregon</subfield><subfield code="c">Coos</subfield><subfield code="d">Coos Bay.</subfield></datafield><datafield ind1="0" ind2="0" tag="780"><subfield code="t">Southwestern Oregon daily news</subfield><subfield code="w">(DLC)sn 96088444</subfield></datafield></record>